@article{kim2020githru,
  title={Githru: visual analytics for understanding software development history through git metadata analysis},
  author={Kim, Youngtaek and Kim, Jaeyoung and Jeon, Hyeon and Kim, Young-Ho and Song, Hyunjoo and Kim, Bohyoung and Seo, Jinwook},
  journal={IEEE Transactions on Visualization and Computer Graphics},
  volume={27},
  number={2},
  pages={656--666},
  year={2020},
  publisher={IEEE}
}

@inproceedings{tornhill2018assessing,
  title={Assessing technical debt in automated tests with CodeScene},
  author={Tornhill, Adam},
  booktitle={2018 IEEE International Conference on Software Testing, Verification and Validation Workshops (ICSTW)},
  pages={122--125},
  year={2018},
  organization={IEEE}
}

@inproceedings{tornhill2018prioritize,
  title={Prioritize technical debt in large-scale systems using codescene},
  author={Tornhill, Adam},
  booktitle={Proceedings of the 2018 International Conference on Technical Debt},
  pages={59--60},
  year={2018}
}

@inproceedings{cosentino2015assessing,
  title={Assessing the bus factor of git repositories},
  author={Cosentino, Valerio and Izquierdo, Javier Luis C{\'a}novas and Cabot, Jordi},
  booktitle={2015 IEEE 22nd International Conference on Software Analysis, Evolution, and Reengineering (SANER)},
  pages={499--503},
  year={2015},
  organization={IEEE}
}

@inproceedings{greene2015interactive,
  title={Interactive tag cloud visualization of software version control repositories},
  author={Greene, Gillian J and Fischer, Bernd},
  booktitle={2015 IEEE 3rd Working Conference on Software Visualization (VISSOFT)},
  pages={56--65},
  year={2015},
  organization={IEEE}
}

@inproceedings{ciani2015urbanit,
  title={Urbanit: Visualizing repositories everywhere},
  author={Ciani, Andrea and Minelli, Roberto and Mocci, Andrea and Lanza, Michele},
  booktitle={2015 IEEE International Conference on Software Maintenance and Evolution (ICSME)},
  pages={324--326},
  year={2015},
  organization={IEEE}
}